@misc{Script,
 author = { Pinczolits, Karl},
 year = {08/2023},
 title = {Kommunikations und
Vertriebstechniken},
 institutions = {{Management Center Innsbruck}},
}

@misc{Mobilkran,
 author = {{Liebherr-Werk Ehingen GmbH}},
 year = {2017},
 title = {{Mobilkran LTM 1300-6.2 Technische Daten}},
 address = {Ehingen, Deutschland}
}

@online{logo,
    title = {{Garmin Logo}},
    url  = {{https://1000logos.net/garmin-logo/}},
    addendum = {{(accessed: 10.04.2024)}},
}
@online{Netigate-NPS,
    title = {{Was ist ein guter Net Promoter Score (NPS-Wert)?}},
    url  = {{https://www.netigate.net/de/articles/kundenzufriedenheit/was-ist-ein-guter-net-promoter-score/}},
    addendum = {{(accessed: 11.04.2024)}},
}

@online{ToMA-1,
    title = {{Top of Mind Awareness:  Important Metrics for eCommerce}},
    url  = {{https://www.channelsight.com/blog/top-of-mind-awareness#:~:text=Top%20of%20mind%20awareness%20%2D%20or,achieved%20top%20of%20mind%20awareness.}},
    addendum = {{(accessed: 11.04.2024)}},
}

@online{ToMA-2,
    title = {{Top of Mind Awareness:  Important Metrics for eCommerce}},
    url  = {{https://www.qualtrics.com/uk/experience-management/brand/top-of-mind-awareness/}},
    addendum = {{(accessed: 11.04.2024)}},
}

@online{Involvement-1,
    title = {{Involvement}},
    url  = {{https://www.marktforschung.de/wiki-lexikon/marktforschung/Involvement/}},
    addendum = {{(accessed: 11.04.2024)}},
}

@online{Involvement-2,
    title = {{Wie du Involvement im Marketing nutzt}},
    url  = {{https://magnetmarke.de/involvement-im-marketing/}},
    addendum = {{(accessed: 11.04.2024)}},
}

@online{Markenimage,
    title = {{Was ist ein Markenimage?}},
    url  = {{https://www.qualtrics.com/de/erlebnismanagement/marke/markenimage/}},
    addendum = {{(accessed: 21.04.2024)}},
}

https://magnetmarke.de/involvement-im-marketing/